% EXEMPLE HOT TO SITE:
%DOCUMENTTYPE@{
%TITLE,
%....,
%....,
Urlaccessdate = {DAY MONTH. YEAR}
}